<?xml version="1.0" encoding="UTF-8"?><record xmlns="http://www.loc.gov/MARC21/slim" xmlns:cinclude="http://apache.org/cocoon/include/1.0" xmlns:zs="http://www.loc.gov/zing/srw/">
  <leader>00996cz  a2200193n  4500</leader>
  <controlfield tag="001">n  83035234 </controlfield>
  <controlfield tag="003">DLC</controlfield>
  <controlfield tag="005">20150703073805.0</controlfield>
  <controlfield tag="008">830728n| azannaabn          fa ana      </controlfield>
  <datafield tag="010" ind1=" " ind2=" ">
    <subfield code="a">n  83035234 </subfield>
    <subfield code="z">n 2006052570</subfield>
  </datafield>
  <datafield tag="035" ind1=" " ind2=" ">
    <subfield code="a">(OCoLC)oca00924985</subfield>
  </datafield>
  <datafield tag="040" ind1=" " ind2=" ">
    <subfield code="a">DLC</subfield>
    <subfield code="b">eng</subfield>
    <subfield code="e">rda</subfield>
    <subfield code="c">DLC</subfield>
    <subfield code="d">DLC</subfield>
    <subfield code="d">Nz</subfield>
    <subfield code="d">IEN</subfield>
  </datafield>
  <datafield tag="110" ind1="1" ind2=" ">
    <subfield code="a">New Zealand.</subfield>
    <subfield code="b">Parliament.</subfield>
    <subfield code="b">House of Representatives</subfield>
  </datafield>
  <datafield tag="410" ind1="1" ind2=" ">
    <subfield code="w">nnaa</subfield>
    <subfield code="a">New Zealand.</subfield>
    <subfield code="b">General Assembly.</subfield>
    <subfield code="b">House of Representatives</subfield>
  </datafield>
  <datafield tag="410" ind1="1" ind2=" ">
    <subfield code="a">New Zealand.</subfield>
    <subfield code="b">House of Representatives (1854-1950)</subfield>
  </datafield>
  <datafield tag="510" ind1="1" ind2=" ">
    <subfield code="a">New Zealand.</subfield>
    <subfield code="b">Parliament</subfield>
  </datafield>
  <datafield tag="670" ind1=" " ind2=" ">
    <subfield code="a">Its Returns or statements ...</subfield>
  </datafield>
  <datafield tag="670" ind1=" " ind2=" ">
    <subfield code="a">Parliamentary debates (Hansard), 1854 and 1855</subfield>
    <subfield code="b">t.p. (New Zealand; Parliament; House of Representatives)</subfield>
  </datafield>
  <datafield tag="670" ind1=" " ind2=" ">
    <subfield code="a">New Zealand Parliament WWW home page, Jan. 11, 2007</subfield>
    <subfield code="b">History, evolution of Parliament  (The House of Representatives comprises our elected members of Parliament; with the Legislative Council, the House was one of two chambers from 1854 until 1951 [when the Council was abolished])</subfield>
  </datafield>
</record>